<record><leader>00000cas a2200000 a 4500</leader><controlfield tag="001">9450724</controlfield><controlfield tag="008">830426d18581868ksuwr ne      0    0eng c</controlfield><datafield ind1=" " ind2=" " tag="010"><subfield code="a">sn 83040080 </subfield></datafield><datafield ind1=" " ind2=" " tag="040"><subfield code="a">KSH</subfield><subfield code="b">eng</subfield><subfield code="c">KSH</subfield><subfield code="d">NPT</subfield><subfield code="d">NPX</subfield><subfield code="d">NPT</subfield><subfield code="d">PPM</subfield><subfield code="d">DLC</subfield><subfield code="d">MGN</subfield><subfield code="d">CNK</subfield><subfield code="d">MGN</subfield><subfield code="d">NVK</subfield><subfield code="d">CVF</subfield><subfield code="d">OCL</subfield><subfield code="d">OCLCG</subfield><subfield code="d">CUI</subfield><subfield code="d">UKMGB</subfield><subfield code="d">OCLCQ</subfield><subfield code="d">DLC</subfield><subfield code="d">OCLCF</subfield><subfield code="d">CUS</subfield></datafield><datafield ind1="7" ind2=" " tag="016"><subfield code="a">013939369</subfield><subfield code="2">Uk</subfield></datafield><datafield ind1=" " ind2=" " tag="042"><subfield code="a">pcc</subfield></datafield><datafield ind1=" " ind2=" " tag="043"><subfield code="a">n-us-ks</subfield></datafield><datafield ind1="0" ind2="0" tag="050"><subfield code="a">Newspaper</subfield></datafield><datafield ind1=" " ind2="4" tag="050"><subfield code="a">AN</subfield></datafield><datafield ind1="0" ind2="0" tag="245"><subfield code="a">Freedom's champion.</subfield></datafield><datafield ind1="1" ind2="3" tag="246"><subfield code="a">Weekly champion</subfield></datafield><datafield ind1=" " ind2=" " tag="260"><subfield code="a">Atchison City [i.e. Atchison] Kan. :</subfield><subfield code="b">Jno. A. Martin,</subfield><subfield code="c">1858-1868.</subfield></datafield><datafield ind1=" " ind2=" " tag="300"><subfield code="a">v. ;</subfield><subfield code="c">60 cm.</subfield></datafield><datafield ind1=" " ind2=" " tag="310"><subfield code="a">Weekly</subfield></datafield><datafield ind1="0" ind2=" " tag="362"><subfield code="a">Vol. 3, no. 47 (Feb. 20, 1858)-v. 11, no. 26 (Aug. 6, 1868).</subfield></datafield><datafield ind1=" " ind2=" " tag="500"><subfield code="a">Free-state Party.</subfield></datafield><datafield ind1=" " ind2=" " tag="500"><subfield code="a">Editor: John A. Martin.</subfield></datafield><datafield ind1=" " ind2=" " tag="530"><subfield code="a">Also issued on microfilm from the Library of Congress Photoduplication Service.</subfield></datafield><datafield ind1=" " ind2="0" tag="651"><subfield code="a">Atchison (Kan.)</subfield><subfield code="v">Newspapers.</subfield></datafield><datafield ind1=" " ind2="0" tag="651"><subfield code="a">Atchison County (Kan.)</subfield><subfield code="v">Newspapers.</subfield></datafield><datafield ind1=" " ind2="7" tag="651"><subfield code="a">Kansas</subfield><subfield code="z">Atchison.</subfield><subfield code="2">fast</subfield><subfield code="0">(OCoLC)fst01219730</subfield></datafield><datafield ind1=" " ind2="7" tag="651"><subfield code="a">Kansas</subfield><subfield code="z">Atchison County.</subfield><subfield code="2">fast</subfield><subfield code="0">(OCoLC)fst01218099</subfield></datafield><datafield ind1=" " ind2="7" tag="655"><subfield code="a">Newspapers.</subfield><subfield code="2">fast</subfield><subfield code="0">(OCoLC)fst01423814</subfield></datafield><datafield ind1="1" ind2=" " tag="700"><subfield code="a">Martin, John A.,</subfield><subfield code="d">1839-1889.</subfield></datafield><datafield ind1=" " ind2=" " tag="752"><subfield code="a">United States</subfield><subfield code="b">Kansas</subfield><subfield code="c">Atchison</subfield><subfield code="d">Atchison.</subfield></datafield><datafield ind1=" " ind2=" " tag="752"><subfield code="a">United States</subfield><subfield code="b">Kansas</subfield><subfield code="c">Atchison</subfield><subfield code="d">Atchison City.</subfield></datafield><datafield ind1="0" ind2=" " tag="775"><subfield code="t">Atchison daily champion (Atchison, Kan. : 1865)</subfield><subfield code="w">(DLC)sn 83040079</subfield><subfield code="w">(OCoLC)9856488</subfield></datafield><datafield ind1="0" ind2="8" tag="776"><subfield code="i">Online version:</subfield><subfield code="t">Freedom's Champion</subfield><subfield code="w">(OCoLC)192107294</subfield></datafield><datafield ind1="0" ind2="0" tag="780"><subfield code="t">Squatter sovereign</subfield><subfield code="x">2329-2369</subfield><subfield code="w">(DLC)sn 82015827</subfield><subfield code="w">(OCoLC)8814056</subfield></datafield><datafield ind1="0" ind2="7" tag="785"><subfield code="t">Weekly free press (Atchison, Kan.)</subfield><subfield code="w">(DLC)sn 82015826</subfield><subfield code="w">(OCoLC)8813951</subfield></datafield><datafield ind1="0" ind2="7" tag="785"><subfield code="t">Weekly champion &amp; press</subfield><subfield code="w">(DLC)sn 83040083</subfield><subfield code="w">(OCoLC)9429889</subfield></datafield><datafield ind1="4" ind2="1" tag="856"><subfield code="3">02/20/1858 to 08/06/1868</subfield><subfield code="u">http://infoweb.newsbank.com/?db=EANX&amp;s_browseRef=decades/111FCE808897FF38/all.xml</subfield></datafield><datafield ind1="1" ind2=" " tag="029"><subfield code="a">AU@</subfield><subfield code="b">000002714187</subfield></datafield></record>